@INPROCEEDINGS{relay-node,
    author={A. {Mazumder} and and A. {Das} and A. {Sen}},
    booktitle={MILCOM 2016 - 2016 IEEE Military Communications Conference},
    title={Budget constrained relay node placement problem for maximal “connectedness”},
    year={2016},
    volume={},
    number={},
    pages={849-854},
    keywords={computational complexity;graph theory;relay networks (telecommunication);wireless sensor networks;budget constrained relay node placement problem;maximal connectedness;wireless sensor network;sensors nodes;disconnected graph;NP-complete problem;heuristics;Relays;Sensors;Measurement;Steiner trees;Approximation algorithms;Protocols;Wireless sensor networks},
    doi={10.1109/MILCOM.2016.7795435},
    ISSN={2155-7586},
    month={Nov},}