@INPROCEEDINGS{relay-node,
    author={A. {Mazumder} and and A. {Das} and A. {Sen}},
    booktitle={MILCOM 2016 - 2016 IEEE Military Communications Conference},
    title={Budget constrained relay node placement problem for maximal “connectedness”},
    year={2016},
    volume={},
    number={},
    pages={849-854},
    keywords={computational complexity;graph theory;relay networks (telecommunication);wireless sensor networks;budget constrained relay node placement problem;maximal connectedness;wireless sensor network;sensors nodes;disconnected graph;NP-complete problem;heuristics;Relays;Sensors;Measurement;Steiner trees;Approximation algorithms;Protocols;Wireless sensor networks},
    doi={10.1109/MILCOM.2016.7795435},
    ISSN={2155-7586},
    month={Nov},}

@Article{Garg1997,
author="Garg, N.
and Hochbaum, D. S.",
title="AnO(logk)-approximation algorithm for thek minimum spanning tree problem in the plane",
journal="Algorithmica",
year="1997",
month="May",
day="01",
volume="18",
number="1",
pages="111--121",
abstract="Givenn points in the Euclidean plane, we consider the problem of finding the minimum tree spanning anyk points. The problem isNP-hard and we give anO(logk)-approximation algorithm.",
issn="1432-0541",
doi="10.1007/BF02523691",
url="https://doi.org/10.1007/BF02523691"
}
